@misc{ladefoged96,
  title={The sounds of the world's languages},
  author={Ladefoged, P. and Maddieson, I.},
  year={1996},
  publisher={Oxford Publishers}
}

@article{lehiste66,
  title={{Consonant quantity and phonological units in Estonian}},
  author={Lehiste, I.},
  year={1966}
}

@book{painter70,
  title={Gonja: a phonological and grammatical study},
  author={Painter, C.},
  volume={1},
  year={1970},
  publisher={Mouton},
  adress = {The Hague}
}


@book{ladefoged71,
  title={Preliminaries to linguistic phonetics},
  author={Ladefoged, P.},
  year={1971},
  publisher={University of Chicago Press}
}

@phdthesis{nartey82,
  title={{On Fricative Phones and Phonemes}},
  author={Nartey, J. N. A.},
  year={1982},
  school={UCLA}
}

@article{newman01,
  title={The perceptual consequences of within-talker variability in fricative production},
  author={Newman, R. S. and Clouse, S. A. and Burnham, J. L.},
  journal={The Journal of the Acoustical Society of America},
  volume={109},
  number={3},
  pages={1181--1196},
  year={2001},
  publisher={ASA}
}

@article{haley10,
  title={Evaluating the spectral distinction between sibilant fricatives through a speaker-centered approach},
  author={Haley, K. L. and Seelinger, E. and Mandulak, K. C. and Zajac, D. J.},
  journal={Journal of phonetics},
  volume={38},
  number={4},
  pages={548--554},
  year={2010},
  publisher={Elsevier}
}

@article{mccasland78,
  title={Formant transition place cues of intervocalic fricatives},
  author={McCasland, G. P.},
  journal={The Journal of the Acoustical Society of America},
  volume={63},
  number={1},
  pages={21--21},
  year={1978},
  publisher={ASA}
}

@article{jones09,
  title={{The acoustic character of fricated/t/ in Australian English: A comparison with /s/ and /ʃ/}},
  author={Jones, M. J. and McDougall, K.},
  journal={Journal of the International Phonetic Association},
  volume={39},
  number={3},
  pages={265--289},
  year={2009},
  publisher={Cambridge University Press}
}

@article{forrest88,
  title={Statistical analysis of word-initial voiceless obstruents: preliminary data},
  author={Forrest, K. and Weismer, G. and Milenkovic, P. and Dougall, R. N.},
  journal={The Journal of the Acoustical Society of America},
  volume={84},
  number={1},
  pages={115--123},
  year={1988},
  publisher={ASA}
}


@article{heinz61,
  title={On the properties of voiceless fricative consonants},
  author={Heinz, J. M. and Stevens, K. N.},
  journal={The Journal of the Acoustical Society of America},
  volume={33},
  number={5},
  pages={589--596},
  year={1961},
  publisher={ASA}
}


@article{mcgowan88,
  title={Differences in fricative production between children and adults: Evidence from an acoustic analysis of/∫/and/s},
  author={McGowan, R. S. and Nittrouer, S.},
  journal={The Journal of the Acoustical Society of America},
  volume={83},
  number={1},
  pages={229--236},
  year={1988},
  publisher={ASA}
}


@article{gordon02,
  title={A cross-linguistic acoustic study of voiceless fricatives},
  author={Gordon, M. and Barthmaier, P. and Sands, K.},
  journal={Journal of the International Phonetic Association},
  volume={32},
  number={2},
  pages={141--174},
  year={2002},
  publisher={Cambridge University Press}
}

@article{heffernan04,
  title={{Evidence from HNR that/s/is a social marker of gender}},
  author={Heffernan, K.},
  journal={Toronto Working Papers in Linguistics},
  volume={23},
  number={2},
  pages={71--84},
  year={2004}
}

@inproceedings{li07,
  title={{Spectral measures for sibilant fricatives of English, Japanese, and Mandarin Chinese}},
  author={Li, F. and Edwards, J. and Beckman, M.},
  booktitle={Proceedings of the XVIth international congress of phonetic sciences},
  volume={4},
  pages={917--920},
  year={2007}
}

@article{mccutcheon80,
  title={Effects of palatal morphology on /s, z/ articulation},
  author={McCutcheon, M. J. and Hasegawa, A. and Fletcher, S. G.},
  journal={The Journal of the Acoustical Society of America},
  volume={67},
  number={1},
  pages={94--94},
  year={1980},
  publisher={ASA}
}

@phdthesis{chodroff17,
  title={Structured variation in obstruent production and perception},
  author={Chodroff, E.},
  year={2017}
}

@article{strand99,
  title={Uncovering the role of gender stereotypes in speech perception},
  author={Strand, E. A.},
  journal={Journal of language and social psychology},
  volume={18},
  number={1},
  pages={86--100},
  year={1999},
  publisher={Sage Publications Sage CA: Thousand Oaks, CA}
}

@article{stuart07,
  title={{Empirical evidence for gendered speech production: /s/ in Glaswegian}},
  author={Stuart-Smith, J.},
  journal={Laboratory phonology},
  volume={9},
  pages={65--86},
  year={2007},
  publisher={Mouton de Gruyter New York}
}

@incollection{fuchs10,
  author    = {Fuchs, S. and Toda, M.},
  booktitle = {Turbulent sounds: an interdisciplinary guide},
  editor    = {Fuchs, S. and Toda, M. and {\.Z}ygis, M.},
  publisher = {Walter de Gruyter},
  title     = {Do differences in male versus female /s/ reflect biological or sociophonetic factors?},
  pages={281--302},
  year={2010}
}

@article{podesva14,
  title={{How conservatism and normative gender constrain variation in inland California: The case of/s}},
  author={Podesva, R. J. and van Hofwegen, J.},
  journal={University of Pennsylvania Working Papers in Linguistics},
  volume={20},
  number={2},
  pages={128--137},
  year={2014}
}

@article{linville98,
  title={Acoustic correlates of perceived versus actual sexual orientation in men’s speech},
  author={Linville, S. E.},
  journal={Folia Phoniatrica et Logopaedica},
  volume={50},
  number={1},
  pages={35--48},
  year={1998},
  publisher={Karger Publishers}
}

@article{munson06,
  title={The influence of perceived sexual orientation on fricative identification},
  author={Munson, B. and Jefferson, S. V. and McDonald, E. C.},
  journal={The Journal of the Acoustical Society of America},
  volume={119},
  number={4},
  pages={2427--2437},
  year={2006},
  publisher={ASA}
}

@article{campbell11,
  title={Intersecting variables and perceived sexual orientation in men},
  author={Campbell-Kibler, K.},
  journal={American Speech},
  volume={86},
  number={1},
  pages={52--68},
  year={2011},
  publisher={Duke University Press}
}

@article{levon13,
  title={{East end boys and west end girls:/s/-fronting in Southeast England}},
  author={Levon, E. and Holmes-Elliott, S.},
  journal={University of Pennsylvania Working Papers in Linguistics},
  volume={19},
  number={2},
  pages={111--120},
  year={2013},
  publisher={University of Pennsylvania}
}

@article{hughes56,
  title={Spectral properties of fricative consonants},
  author={Hughes, G. W. and Halle, M.},
  journal={The journal of the acoustical society of America},
  volume={28},
  number={2},
  pages={303--310},
  year={1956},
  publisher={ASA}
}

@book{lindblad80,
  title={Svenskans sje-och tje-ljud i ett allm{\"a}nfonetiskt perspektiv},
  author={Lindblad, P.},
  volume={16},
  year={1980},
  publisher={Liber}
}

@article{soli81,
  title={Second formants in fricatives: Acoustic consequences of fricative-vowel coarticulation},
  author={Soli, S. D.},
  journal={The Journal of the Acoustical Society of America},
  volume={70},
  number={4},
  pages={976--984},
  year={1981},
  publisher={ASA}
}

@article{shadle95,
  title={An articulatory-acoustic-aerodynamic analysisof [s] in VCV sequences},
  author={Shadle, C. H. and Scully, C.},
  journal={Journal of phonetics},
  volume={23},
  number={1},
  pages={53--66},
  year={1995},
  publisher={Elsevier}
}

@incollection{zakharov04,
  title={Акустическая вариативность звуковых единиц в русской речи},
  author={Захаров, Л. М.},
  booktitle ={Язык и речь: проблемы и решения: Сборник научных трудов к юбилею профессора Л. В. Златоустовой},
  editor = {Кедрова, Г. Е. and Потапова, В. В.},
  pages={240--269},
  publisher = {МАКС Пресс},
  adress = {М.},
  year={2004}
}

@article{silbert08,
  title={Focus, prosodic context, and phonological feature specification: Patterns of variation in fricative production},
  author={Silbert, N. and de Jong, K.},
  journal={The Journal of the Acoustical Society of America},
  volume={123},
  number={5},
  pages={2769--2779},
  year={2008},
  publisher={ASA}
}

@article{maniwa09,
  title={Acoustic characteristics of clearly spoken English fricatives},
  author={Maniwa, K. and Jongman, A. and Wade, T.},
  journal={The Journal of the Acoustical Society of America},
  volume={125},
  number={6},
  pages={3962--3973},
  year={2009},
  publisher={ASA}
}

@book{husson17,
  title={{Exploratory multivariate analysis by example using R}},
  author={Husson, Fran{\c{c}}ois and L{\^e}, S{\'e}bastien and Pag{\`e}s, J{\'e}r{\^o}me},
  year={2017},
  publisher={CRC press}
}
